@misc{{{identifier},
  title =        "{title}",
  author =       "{author}",
  year =         "{year}",
  publisher =    "Ian Dennis Miller",
  howpublished = "\\url{{http://imiller.utsc.utoronto.ca/pub/{identifier}.pdf}}",
}}
