%% This BibTeX bibliography file was created using BibDesk.
%% http://bibdesk.sourceforge.net/


%% Created for David Eriksson at 2016-06-19 17:12:56 -0400 


%% Saved with string encoding Unicode (UTF-8) 



@article{muller2011mixture,
	Author = {M{\"u}ller, Juliane and Pich{\'e}, Robert},
	Date-Added = {2015-10-30 17:59:42 +0000},
	Date-Modified = {2015-10-30 17:59:42 +0000},
	Journal = {Journal of Global Optimization},
	Number = {1},
	Pages = {79--104},
	Publisher = {Springer},
	Title = {Mixture surrogate models based on Dempster-Shafer theory for global optimization problems},
	Volume = {51},
	Year = {2011}}

@article{muller2013so,
	Author = {M{\"u}ller, Juliane and Shoemaker, Christine A and Pich{\'e}, Robert},
	Date-Added = {2015-10-30 17:58:48 +0000},
	Date-Modified = {2016-06-19 21:12:50 +0000},
	Journal = {Computers \& Operations Research},
	Number = {5},
	Pages = {1383--1400},
	Publisher = {Elsevier},
	Title = {{SO-MI}: A surrogate model algorithm for computationally expensive nonlinear mixed-integer black-box global optimization problems},
	Volume = {40},
	Year = {2013}}

@article{muller2014so,
	Author = {M{\"u}ller, Juliane and Shoemaker, Christine A and Pich{\'e}, Robert},
	Date-Added = {2015-10-30 17:58:36 +0000},
	Date-Modified = {2016-06-19 21:12:56 +0000},
	Journal = {Journal of Global Optimization},
	Number = {4},
	Pages = {865--889},
	Publisher = {Springer},
	Title = {{SO-I}: a surrogate model algorithm for expensive nonlinear integer programming problems including global optimization applications},
	Volume = {59},
	Year = {2014}}

@article{regis2009parallel,
	Author = {Regis, Rommel G and Shoemaker, Christine A},
	Date-Added = {2015-10-30 17:50:35 +0000},
	Date-Modified = {2015-10-30 17:50:35 +0000},
	Journal = {INFORMS Journal on Computing},
	Number = {3},
	Pages = {411--426},
	Publisher = {INFORMS},
	Title = {Parallel stochastic global optimization using radial basis functions},
	Volume = {21},
	Year = {2009}}

@article{regis2013combining,
	Author = {Regis, Rommel G and Shoemaker, Christine A},
	Date-Added = {2015-10-30 17:50:21 +0000},
	Date-Modified = {2015-10-30 17:50:21 +0000},
	Journal = {Engineering Optimization},
	Number = {5},
	Pages = {529--555},
	Publisher = {Taylor & Francis},
	Title = {Combining radial basis function surrogates and dynamic coordinate search in high-dimensional expensive black-box optimization},
	Volume = {45},
	Year = {2013}}

@article{regis2007stochastic,
	Author = {Regis, Rommel G and Shoemaker, Christine A},
	Date-Added = {2015-10-30 17:49:42 +0000},
	Date-Modified = {2015-10-30 17:49:42 +0000},
	Journal = {INFORMS Journal on Computing},
	Number = {4},
	Pages = {497--509},
	Publisher = {INFORMS},
	Title = {A stochastic radial basis function method for the global optimization of expensive functions},
	Volume = {19},
	Year = {2007}}
